<collection xmlns="http://www.loc.gov/MARC21/slim">
<record>
  <leader>01176nam0a2200253 i 450 </leader>
  <controlfield tag="001">IT\ICCU\CNCE\003141</controlfield>
  <controlfield tag="005">20051207000000.0</controlfield>
  <datafield tag="012" ind1=" " ind2=" ">
    <subfield code="a">a,to o-a- g-n- ,ei- (C) 1588 (R)</subfield>
    <subfield code="2">fei</subfield>
  </datafield>
  <datafield tag="100" ind1=" " ind2=" ">
    <subfield code="a">19970101d1588        0itac0103    ba</subfield>
  </datafield>
  <datafield tag="101" ind1=" " ind2=" ">
    <subfield code="a">ITA</subfield>
  </datafield>
  <datafield tag="102" ind1=" " ind2=" ">
    <subfield code="a">IT</subfield>
  </datafield>
  <datafield tag="200" ind1="1" ind2=" ">
    <subfield code="a">Oratione di Pompeo Arrigone auocato concistoriale ... della vita, et miracoli del beato f. Diego di Alcala di Henares ... Recitata in Roma ... alli 25 giugno ... MDLXXXVIII ... Con la risposta di Antonio Boccapadule  ...</subfield>
  </datafield>
  <datafield tag="210" ind1=" " ind2=" ">
    <subfield code="a">In Venetia</subfield>
    <subfield code="c">si vendono in contr ̉di santo Antonino</subfield>
    <subfield code="d">1588</subfield>
  </datafield>
  <datafield tag="215" ind1=" " ind2=" ">
    <subfield code="a">\4! c.</subfield>
    <subfield code="d">4ʻ</subfield>
  </datafield>
  <datafield tag="620" ind1=" " ind2=" ">
    <subfield code="a">IT</subfield>
    <subfield code="d">Venezia</subfield>
  </datafield>
  <datafield tag="700" ind1=" " ind2="1">
    <subfield code="a">Arrigoni,</subfield>
    <subfield code="b">Pompeo</subfield>
    <subfield code="3">IT\ICCU\CNCA\000905</subfield>
  </datafield>
  <datafield tag="702" ind1=" " ind2="1">
    <subfield code="a">Boccapaduli,</subfield>
    <subfield code="b">Antonio</subfield>
    <subfield code="3">IT\ICCU\CNCA\000310</subfield>
  </datafield>
  <datafield tag="712" ind1="0" ind2="2">
    <subfield code="a">℗In contr ̉di ℗Santo Antonino</subfield>
    <subfield code="3">IT\ICCU\CNCT\000800</subfield>
    <subfield code="4">650</subfield>
  </datafield>
  <datafield tag="790" ind1=" " ind2="1">
    <subfield code="a">Arigonius,</subfield>
    <subfield code="b">Pompeius</subfield>
    <subfield code="3">IT\ICCU\CNCA\027196</subfield>
    <subfield code="z">Arrigoni, Pompeo</subfield>
  </datafield>
  <datafield tag="790" ind1=" " ind2="1">
    <subfield code="a">Buccapadulius,</subfield>
    <subfield code="b">Antonius</subfield>
    <subfield code="3">IT\ICCU\CNCA\027197</subfield>
    <subfield code="z">Boccapaduli, Antonio</subfield>
  </datafield>
  <datafield tag="801" ind1=" " ind2="3">
    <subfield code="a">IT</subfield>
    <subfield code="b">ICCU</subfield>
    <subfield code="c">20201113</subfield>
  </datafield>
  <datafield tag="899" ind1=" " ind2=" ">
    <subfield code="a">Biblioteca comunale. Trento</subfield>
    <subfield code="1">TN0121</subfield>
    <subfield code="2">ZTN 01</subfield>
  </datafield>
  <datafield tag="899" ind1=" " ind2=" ">
    <subfield code="a">Biblioteca Arcivescovile. Udine</subfield>
    <subfield code="1">UD0100</subfield>
    <subfield code="2">ZUD 11</subfield>
  </datafield>
  <datafield tag="899" ind1=" " ind2=" ">
    <subfield code="a">Biblioteca nazionale Marciana. Venezia</subfield>
    <subfield code="1">VE0049</subfield>
    <subfield code="2">VEA BM</subfield>
  </datafield>
</record>
</collection>
